<record><leader>00000cas a22000007a 4500</leader><controlfield tag="001">13039601</controlfield><controlfield tag="008">860120d18781892njuwr ne      0    0eng d</controlfield><datafield ind1=" " ind2=" " tag="010"><subfield code="a">sn 85035655 </subfield></datafield><datafield ind1=" " ind2=" " tag="040"><subfield code="a">NPA</subfield><subfield code="b">eng</subfield><subfield code="c">NPA</subfield><subfield code="d">NJW</subfield><subfield code="d">OCLCQ</subfield></datafield><datafield ind1=" " ind2=" " tag="042"><subfield code="a">msc</subfield></datafield><datafield ind1="0" ind2=" " tag="130"><subfield code="a">Bound Brook chronicle (1878)</subfield></datafield><datafield ind1="1" ind2="0" tag="245"><subfield code="a">Bound Brook chronicle.</subfield></datafield><datafield ind1=" " ind2=" " tag="260"><subfield code="a">Bound Brook, N.J. :</subfield><subfield code="b">E.B. Porter</subfield></datafield><datafield ind1=" " ind2=" " tag="300"><subfield code="a">v. :</subfield><subfield code="b">ill. (chiefly advertisements) ;</subfield><subfield code="c">66 cm.</subfield></datafield><datafield ind1=" " ind2=" " tag="310"><subfield code="a">Weekly</subfield></datafield><datafield ind1="1" ind2=" " tag="362"><subfield code="a">Began in 1878; ceased in Dec. 1892.</subfield></datafield><datafield ind1=" " ind2=" " tag="588"><subfield code="a">Description based on: New ser., v. 5, no. 29 (Aug. 19, 1882).</subfield></datafield><datafield ind1=" " ind2=" " tag="752"><subfield code="a">United States</subfield><subfield code="b">New Jersey</subfield><subfield code="c">Somerset</subfield><subfield code="d">Bound Brook.</subfield></datafield><datafield ind1="0" ind2="0" tag="780"><subfield code="t">Family casket</subfield><subfield code="w">(DLC)sn 84026286</subfield><subfield code="w">(OCoLC)10372536</subfield></datafield><datafield ind1="0" ind2="0" tag="785"><subfield code="t">Chronicle (Bound Brook, N.J.)</subfield><subfield code="w">(DLC)sn 85035641</subfield><subfield code="w">(OCoLC)11983404</subfield></datafield></record>